2720 4352
130 929 410 1050 cumprimum
436 959 539 1044 mihi,
569 942 737 1051 supeiiori
759 983 870 1036 anno,
908 959 993 1040 esset
1016 947 1162 1048 potestas

129 1047 234 1148 iacta,
258 1088 374 1132 coram
389 1066 488 1136 ,vobis
510 1066 655 1144 dicendi,
689 1069 722 1134 S·
746 1066 784 1134 Ρ.
808 1065 932 1152 Ο.«Ι).,
959 1051 1175 1149 ιιιὲιτιὶιιιέῑίεΙ

130 1171 290 1253 fortasse,
312 1194 332 1236 a
351 1193 406 1240 me
423 1163 763 1258 essepraestantiam.
769 1170 861 1259 pacis
876 1169 1000 1236 assium
1019 1170 1163 1236 demon*

97 1353 99 1364 Α
131 1286 290 1349 stratumr
323 1275 563 1362 effectumque,
593 1287 631 1339 ut
654 1275 813 1362 Princeps
832 1275 873 1339 iis
896 1263 1063 1340 excellens
1087 1295 1161 1340 non

31 1413 49 1426 ¹·
130 1381 236 1474 modo
251 1380 418 1446 salubrior
433 1377 692 1464 amabiliorque,
713 1399 833 1443 verum
859 1377 959 1442 etiam
977 1376 1162 1442 admirabi-

131 1483 198 1550 lior
215 1484 392 1569 videretur
414 1505 471 1562 eo,
500 1481 557 1569 qui
587 1479 724 1548 militari
758 1479 866 1568 gloria
887 1480 1049 1572 splendet.
1110 1481 1163 1545 Ea
1240 1529 1243 1540 ,

32 1652 36 1656 ,
93 1655 95 1660 ,
133 1587 417 1676 disputationum
438 1611 511 1652 nou
531 1583 677 1650 adversis
702 1585 839 1650 curribus
863 1597 998 1673 accepta
1013 1581 1072 1664 sit,
1097 1581 1163 1650 nisi
1217 1662 1220 1676 .
1269 1649 1275 1664 ,

6 1717 8 1724 ’
64 1721 66 1729 ⁴
134 1711 192 1756 me
212 1689 373 1778 cupiditas
394 1713 470 1756 mea
483 1687 622 1757 VOBIS
639 1689 698 1754 vel
714 1687 826 1773 aliqua
842 1711 885 1751 ex
902 1700 997 1774 parte
1010 1689 1163 1775 proban

135 1793 182 1860 di
194 1791 298 1870 fallit,
318 1794 415 1892 coepi
435 1793 608 1878 requirere
619 1791 779 1878 aliquem
802 1790 959 1876 antiquae
978 1790 1164 1856 memoriae

135 1881 349 1984 Principem,
386 1895 478 1984 pacis
506 1895 632 1960 artibus
664 1905 905 1982 praestantem,
945 1917 1045 1981 quem
1070 1884 1165 1960 vobis

134 2001 200 2068 hoc
220 2011 372 2088 tempore
395 1999 614 2089 spectandum
632 2019 873 2089 proponerem.
900 2020 989 2078 non,
1018 2021 1084 2084 quo
1101 2021 1165 2064 ne·

102 2117 111 2178 ’,
135 2127 228 2172 cesse
251 2105 292 2170 sit
313 2129 334 2169 e
354 2102 539 2196 longinquo
561 2103 626 2170 tale
646 2115 799 2191 repetere
830 2101 1048 2190 exemplum,
1086 2122 1166 2168 cum

137 2210 257 2277 vivum
269 2209 467 2296 spiransque
482 2207 664 2273 habeamus
680 2207 715 2280 in
728 2203 977 2280 AUGUSTO,
1003 2205 1030 2272 P
1035 2203 1164 2274 A'TRE

135 2310 336 2391 VESTRO,
351 2311 608 2398 communisque
622 2309 765 2391 Patriae,
780 2307 1167 2378 INDULGENTISSI·

3 2403 5 2408 ¹
64 2427 72 2448 t
109 2407 232 2487 ¹MO,
258 2411 433 2537 aliquando
458 2413 560 2480 etiam
574 2413 755 2478 habituri
746 2435 781 2477 m
797 2412 880 2496 TE,
902 2411 1167 2480 CELSISSIME
1211 2403 1213 2411 ¹

136 2499 410 2592 maturitatem
433 2519 490 2580 sed
512 2529 550 2579 ut
566 2515 607 2580 sit
628 2515 760 2600 aliquod
784 2513 994 2606 edisciplina
1016 2537 1091 2582 mea
1107 2539 1166 2581 ar-

137 2643 264 2712 gumen
265 2621 355 2697 tum,
385 2617 426 2682 de
450 2639 516 2704 quo
534 2617 665 2706 possint
688 2618 851 2704 quaedam
870 2641 890 2683 a
912 2641 968 2683 me
995 2641 1066 2684 non
1092 2619 1166 2684 ine'-
1217 2652 1220 2672 ·

136 2736 197 2819 pte
220 2719 395 2808 disputari.
452 2721 517 2787 Sed
552 2721 617 2787 tale
654 2721 851 2814 exemplum
884 2713 1168 2840 circumspicienti

136 2823 240 2899 subiit
271 2825 425 2892 animum
455 2819 619 2890 memoria
640 2824 811 2892 Lectionis
838 2826 1003 2916 superiori
1026 2849 1108 2892 vere
1129 2825 1168 2892 irt
1232 2851 1234 2856 ·

127 2941 237 3023 ,coetu
259 2929 521 3000 adolescentium
538 2928 670 2995 habitae
691 2929 733 2995 de
758 2929 883 2996 artibus
907 2929 1031 3018 polit'
992 2954 1065 3010 icis,
1088 2929 1168 3016 qui-

135 3037 202 3104 bus
240 3022 364 3098 (hasar
393 3033 566 3120 Augustus
593 3056 673 3098 usus
707 3047 757 3107 est
782 3033 819 3099 in
850 3036 991 3100 Summo
1021 3031 1193 3126 irnperio
1220 3022 1227 3038 ’

135 3131 270 3209 Romae
301 3121 363 3201 sibi
389 3137 626 3225 comparando.
690 3119 783 3204 Nam
814 3161 910 3221 cum,
948 3141 985 3204 in
1015 3138 1169 3206 Historia

135 3239 311 3314 Universa
338 3263 357 3305 e
382 3237 530 3306 fontibus
551 3241 749 3329 repetenda,
767 3241 808 3306 ad
823 3239 999 3308 Actiacam
1021 3231 1169 3330 Augusti

136 3345 318 3415 victoriam
334 3343 522 3422 venissem,
545 3357 694 3432 essetque
707 3345 747 3411 de
763 3341 980 3432 Reipublicae
987 3338 1169 3412 Romanae
1207 3332 1213 3343 ¹

139 3449 383 3532 conversione,
406 3466 491 3535 quae
511 3461 586 3514 tum
608 3447 695 3514 facta
715 3462 780 3531 est,
813 3449 1069 3537 exponendum,
1097 3470 1169 3517 nou

77 3629 79 3636 ¹
139 3547 246 3620 modo
267 3553 389 3618 veteris
410 3566 443 3619 et
465 3577 573 3619 novae
597 3551 798 3642 reipublicae
817 3553 928 3621 forma
949 3567 1019 3621 erat
1042 3541 1168 3634 deseri-¹,
1239 3551 1243 3561 '

124 3647 270 3729 rirenda,
301 3643 482 3724 sedetiam
505 3657 671 3743 quomodo
694 3659 868 3746 atquibus
896 3657 1023 3726 artibus
1046 3658 1169 3726 veteris

141 3759 278 3826 formae
299 3757 745 3844 sommouuo‘esset'fse‘ta,
777 3762 1033 3853 explicandum,
1062 3773 1100 3826 ut
1118 3749 1172 3827 sio.
