2720 4352
207 154 276 226 ¹9²
318 141 325 164 '
643 156 858 182 ‘mm

200 263 313 368 tantae
334 291 385 360 rei
407 305 526 358 caueae
544 286 832 374 intelligerentur,
855 285 976 375 quibus
995 287 1233 375 cognoscendis

145 423 148 434 '
201 390 361 477 historiae
384 399 508 468 utilitas
526 395 678 464 maxime
700 393 898 460 continetur.
940 396 1146 482 Eam-igitur
1159 395 1233 461 Le-

102 489 109 502 ’
187 512 350 584 ,ctionem
372 528 410 570 ac
440 499 699 590 disputationem
721 519 838 580 coram
859 497 1014 581 VOBIS,
1033 501 1081 567 C.
1094 499 1151 581 Ρ.,
1174 523 1232 564 re-

201 628 320 706 petere
337 606 508 676 constitui:
538 625 626 684 non,
656 607 723 694 q‘uo
747 624 822 668 eam
842 601 988 712 dignam¹
1011 603 1141 672 Vestris
1166 627 1232 670 au·

201 718 297 788 ribus
319 727 454 803 putem,
483 709 557 790 sed,
586 708 677 792 quod
700 728 739 770 ea
767 728 836 772 non
855 703 1014 774 abhorret
1040 731 1060 775 a
1079 707 1232 796 personis

203 820 384 905 studiisque
413 811 628 885 VESTRIS,
667 811 892 899 inprimisque
918 825 957 878 nt
983 813 1031 902 sic
1062 812 1233 894 rationem

204 923 345 996 VOBIS
369 916 615 1006 quodammodo
639 913 781 982 reddam
804 915 974 989 muneris,
1003 915 1092 1002 qnod
1112 909 1231 995 in'hac
1331 989 1332 996 χ

205 1026 392 1102 Academia
413 1024 453 1088 de
474 1019 646 1096 voluntate
677 1016 844 1086 PATRIS
868 1017 1045 1088 VESTRl
1073 1019 1232 1100 sustineo,

100 1175 109 1190 ,
207 1139 411 1216 omnemque
427 1124 518 1191 VOS
541 1121 700 1188 historiae
721 1122 917 1204 tradendae,
942 1126 1147 1210 omninoque
1163 1122 1232 1190 dis·

120 1292 122 1302 .
180 1224 182 1232 '
206 1235 339 1305 serendi
351 1232 493 1298 modum
515 1229 632 1294 meum·
652 1225 845 1316 perspicere
867 1229 1009 1316 possitis.
1048 1229 1153 1316 quue
1168 1218 1236 1296 hoc

206 1339 294 1409 facio
315 1332 489 1414 libentius,
512 1354 580 1417 quo
595 1332 700 1418 magis
715 1351 831 1428 spero,
845 1331 954 1410 VOS,
977 1331 1159 1400 iuratione
1174 1356 1233 1400 ac·
1276 1323 1280 1326 ’

108 1503 119 1516 ,
207 1440 380 1534 cipienda‚
410 1427 481 1526 n'on
510 1435 614 1521 magis
643 1433 808 1500 iudicium
837 1433 1089 1520 VESTRUM,
1130 1459 1233 1523 quam
1333 1481 1334 1486 κ

104 1553 106 1560 ’
205 1547 403 1616 facilitatem
424 1523 703 1622 clemenliamque
716 1538 752 1602 in
770 1538 946 1604 consilium
960 1539 1165 1606 adhibituros
1179 1565 1234 1606 es-

206 1651 258 1719 s‘e:
283 1647 374 1736 quod
390 1656 428 1710 ut
443 1639 583 1745 faciatis,
607 1642 666 1732 etsi
688 1663 975 1730 supervacaneum
996 1643 1102 1710 videri
1123 1655 1234 1734 potest

204 1777 340 1844 rogare,
363 1751 514 1830 intanta
538 1743 733 1821 VESTRA
753 1744 976 1834 indulgentia,
1000 1757 1123 1828 tamen,
1146 1771 1232 1834 quo-

204 1857 300 1927 niam
328 1855 423 1921 dulce
447 1864 496 1918 est
520 1871 640 1938 rogare
662 1875 737 1928 eos,
769 1874 851 1938 quos
876 1855 991 1931 ames,
1020 1859 1234 1940 quorumque
1334 1845 1335 1890 t

117 2036 121 2049 ,
204 1937 539 2035 bonitateconlidas,
572 1954 790 2023 vehementer
810 1979 891 2044 rogo
916 1967 1016 2042 atque
1033 1980 1111 2038 floro.

206 2099 212 2114 ·
293 2061 375 2144 Sed,
400 2074 438 2125 ut
453 2083 508 2142 ea,
532 2082 617 2148 quae
640 2081 729 2126 ame
746 2059 918 2141 dicentur,
942 2061 1009 2126 hoc
1029 2059 1158 2126 facilius
1177 2055 1233 2152 inf

69 2163 82 2178 ⁸
137 2199 140 2206 ·
205 2166 312 2254 tefflgi
340 2163 486 2256 possint,
519 2188 639 2251 resque
666 2163 739 2252 ipsa
772 2149 835 2230 lioc
875 2163 999 2230 rectius
1019 2157 1236 2252 explicetur,
1335 2172 1336 2189 ¹

114 2319 119 2328 ι
205 2267 322 2366 paucis
345 2282 421 2336 aute
444 2281 492 2336 est
515 2269 555 2335 de
579 2266 782 2356 reipublicae
797 2267 971 2332 Romanae
992 2263 1103 2333 forma
1124 2289 1235 2355 expo-

24 2405 26 2412 ·
91 2433 93 2440 ⁴
186 2376 375 2455 nendum,
400 2394 487 2459 quae
508 2385 584 2464 ante
605 2370 795 2436 libertatem
815 2365 1011 2466 oppressam
1034 2369 1118 2454 fuit,
1149 2383 1235 2452 tum,

209 2483 251 2548 de
271 2481 507 2548 Romanorum
535 2475 689 2540 veterent
710 2473 864 2564 ingeniis
882 2488 913 2541 et
934 2475 1102 2555 moribus,
1125 2466 1237 2563 quoad
1270 2541 1275 2551 ,

78 2556 87 2610 Ι·
195 2584 347 2674 ¹quidem
370 2579 411 2646 ad
433 2572 527 2644 hanc'
541 2567 690 2668 nostram
714 2575 970 2666 disputationem
994 2579 1174 2668 pertinent.

295 2681 515 2776 Reipublicae
535 2681 640 2770 igitur
661 2682 837 2748 Romanae
858 2683 999 2770 antiqua,
1021 2691 1055 2749 et
1081 2695 1156 2772 post
1178 2706 1236 2749 re-
1334 2663 1336 2750 i

209 2815 266 2882 ges
290 2789 450 2880 expulsos
471 2785 623 2851 instituta
644 2783 773 2865 forma,
796 2777 877 2852 non'
888 2788 1034 2878 simplex
1057 2787 1237 2854 eutonius

117 2910 120 2918 ’
209 2893 343 2990 generis
368 2891 448 2970 fuit,
470 2889 526 2954 sed
549 2911 592 2953 ex
615 2889 771 2958 omnibus
792 2891 897 2958 tribus
921 2889 986 2960 illis
1005 2887 1133 2972 formis,
1155 2889 1237 2956 Mo-

210 2998 369 3076 narchia‚
398 2991 619 3060 Aristocratia
640 3007 672 3059 et
697 2991 910 3062 Democratia
938 2993 1239 3097 sapientevnixta

211 3114 246 3168 et
260 3108 455 3190 temperata,
497 3096 589 3163 Nam
612 3119 832 3186 quaecunque
854 3096 1118 3186 uniuscuiusque
1140 3121 1239 3164 com·

105 3260 109 3275 .
143 3227 160 3292 j
212 3203 315 3274 moda
341 3212 420 3270 sunt
449 3212 481 3300 et
508 3202 790 3290 opportunitates,
817 3225 871 3269 eas
895 3201 1142 3270 coniunxerant
1163 3201 1264 3282 ,rei--

211 3305 365 3400 publicae
382 3303 478 3370 illius*
488 3315 650 3382 auctores,
673 3305 762 3372 vitiis
778 3321 810 3372 et
830 3304 1052 3372 incommodis
1075 3306 1239 3393 cuiusque

210 3407 357 3480 sublatis.
396 3405 436 3473 In
453 3429 491 3474 eo
506 3419 618 3474 autern
635 3407 763 3474 delectu
776 3403 859 3476 haec
873 3411 959 3478 ratio
972 3407 1083 3476 habita
1097 3423 1184 3490 erat,
1199 3420 1240 3474 ut

212 3504 360 3602 quaein
384 3531 585 3598 unaquaque
608 3506 719 3577 forma
743 3509 956 3581 incommoda
977 3522 1073 3597 sunt,
1100 3511 1140 3579 iis
1161 3509 1240 3576 ine·

212 3619 372 3685 derentur
396 3635 451 3694 ea,
476 3633 561 3699 quae
586 3637 629 3682 ex
648 3613 787 3704 reliquis
811 3615 937 3684 du'abus
959 3615 1077 3686 formis
1099 3613 1239 3682 adsum-

132 3731 134 3738 '
211 3733 247 3791 te
270 3729 395 3799 essem,
425 3728 464 3790 ut
493 3717 647 3808 pluribus
674 3719 880 3788 demonstrat
900 3719 1062 3812 Polybius
1069 3768 1093 3807 ‚-
1112 3720 1172 3810 qui
1195 3717 1239 3788 ab
