2714 4358
620 65 623 78 ι
661 51 668 82 l
745 53 750 66 ¹

170 171 348 278 eex
576 211 791 249 W..

173 337 288 406 loc'um
309 337 343 408 in
366 337 593 428 Supplicibus,
614 357 716 429 quem
735 349 897 414 mancum
917 361 1016 436 atque
1036 343 1201 440 imperfe-

174 454 267 512 ctum
288 467 378 510 cunr
383 444 520 524 Aldina,
543 457 617 512 tum
636 452 755 514 omnes
776 444 933 542 deinceps
946 454 1116 522 Editicnes
1137 479 1202 522 ex·-

176 545 310 640 hibent,
341 548 472 616 duobus
493 550 644 618 tribusve
663 553 815 620 versibus
837 556 1003 628 restitutis
1016 561 1203 650 supplevit3
1231 543 1233 550 ¹

112 734 115 744 Α
139 699 141 704 ,
176 661 214 714 ut
236 671 359 738 magna
379 675 453 742 spes
475 655 516 738 sit
536 657 642 744 multa
663 657 928 746 depravatissimi
947 660 1107 731 Auctoris
1128 663 1205 738 loca

152 784 155 794 ¹
178 775 222 820 ex
244 755 309 820 hoe
331 757 443 823 codice
465 739 636 828 emendari
657 783 764 849 posse.
807 763 871 830 Sed
887 787 967 866 cum
986 765 1027 831 de
1044 787 1084 830 eo
1099 787 1206 852 quae-

179 881 256 924 rere
277 861 483 948 inciperem,
505 864 621 930 inreni
642 887 751 951 neque
772 879 890 936 extare
912 857 991 936 euin
1012 871 1067 936 vel
1088 870 1124 936 in
1146 868 1208 936 Bi-

180 961 354 1044 bliothecis
384 965 537 1033 Oxoniae
565 968 848 1048 instructissimis,
885 973 941 1040 vel
969 973 1007 1038 in
1033 973 1209 1052 Leidensi3

126 1063 133 1083 ⁸
180 1053 291 1152 sieque
311 1068 348 1134 in
370 1071 438 1135 ullo
462 1073 635 1160 Catalog0‚
664 1095 771 1160 neque
791 1074 885 1163 apud
905 1075 1119 1160 Fabricium,
1145 1098 1214 1144 ne-

145 1207 154 1243 ι
182 1195 249 1259 qne
271 1174 312 1238 ab
333 1173 528 1243 Editoribus
550 1177 720 1265 Euripidis
740 1179 945 1265 mentionem
975 1177 1047 1256 eius
1077 1179 1232 1256 factam„

96 1359 99 1368 k
138 1357 142 1374 ,
183 1278 237 1344 De
266 1300 332 1364 qua
360 1302 398 1344 re
418 1280 656 1364 Familiaribns
684 1281 883 1368 quibusdam
911 1269 994 1348 meis
1008 1281 1142 1358 ,oborta
1165 1293 1214 1350 est

88 1422 91 1430 ·
185 1382 349 1472 suspicio,
379 1406 458 1450 cum
487 1386 567 1471 quie
595 1385 697 1469 hujus
726 1385 890 1454 'Editiouis
913 1385 1047 1450 nullum
1068 1385 1216 1452 invene·

101 1471 103 1481 Α
137 1561 139 1568 ,
182 1488 471 1576 ιιιιιιινοειίἓιιιιιι,
493 1509 567 1554 tum
583 1511 671 1554 =vero
694 1489 784 1576 quod
805 1511 923 1556 versus
945 1513 989 1556 ex
1011 1513 1050 1556 ea
1070 1491 1217 1558 restituti

106 1627 108 1646 ·
186 1613 297 1678 neque
318 1591 416 1686 digni
431 1589 630 1680 iidebantur
649 1593 833 1682 Euripide,
860 1615 971 1680 neque
995 1593 1108 1661 ductui
1137 1617 1226 1680 oraff

95 1757 98 1762 .
185 1696 287 1763 tionis
302 1697 399 1765 valde
412 1697 665 1782 accommodati,
680 1685 785 1765 totam
801 1719 875 1764 rem
891 1712 1217 1786 commentumlesse,

123 1871 127 1882 ,
187 1817 374 1888 versusque
403 1815 442 1869 ut
469 1802 570 1871 fidem
593 1803 633 1868 'ei
663 1800 878 1870 conciliarent
900 1801 1068 1868 confictos.
1109 1803 1219 1868 Pudet

136 1953 140 1966 .
187 1903 316 1970 referre
337 1907 566 1996 suspicionem
585 1921 655 1974 tam
677 1905 853 1988 odiosam,
871 1919 947 1972 tam
967 1903 1117 1988 foedam,
1150 1919 1221 1972 nm

188 2008 362 2094 indignam
388 2011 601 2098 praesertim
605 2015 679 2096 ,qu'a
706 2011 821 2074 Homo
848 2007 1009 2074 Eruditus
1039 2009 1220 2076 laboraret.

188 2111 326 2208 Quare
336 2125 373 2178 ut
401 2136 457 2180 me
486 2113 582 2196 nullo
604 2113 706 2178 modo
727 2112 834 2200 abripi
861 2133 901 2177 ea
925 2109 1082 2224 opinione
1101 2124 1221 2210 passus

190 2235 287 2294 snm,
313 2201 360 2279 ita
389 2215 451 2280 rix
477 2215 588 2282 habui
611 2215 702 2302 quod
731 2215 982 2302 respondere
959 2233 1111 2302 possem,
1143 2237 1223 2282 cca·-

192 2332 333 2406 ctusque
347 2334 424 2384 sum
439 2318 598 2388 nonnihil
609 2321 679 2384 vel
677 2319 886 2408 argumentis
902 2341 1033 2397 eorum,
1055 2319 1110 2384 vel
1125 2341 1224 2386 scru-

192 2423 291 2514 pulis·
303 2423 459 2489 tribuere.
495 2423 567 2488 Mei
588 2425 704 2490 saltem
719 2425 878 2490 intererat
895 2421 1121 2513 suspicionem
1136 2425 1225 2490 hanc

193 2519 432 2613 aliquomodo
455 2527 511 2593 vel
532 2527 785 2610 confirmatam,
813 2529 868 2593 vel
898 2538 1068 2594 exemtam
1089 2517 1225 2612 babere,

195 2632 324 2724 quippe
353 2631 422 2718 qui·
439 2630 633 2698 Editionem
662 2633 733 2718 ejus
763 2624 925 2699 Auctoris
944 2615 1080 2698 'duobus
1103 2631 1225 2700 abhinc

196 2737 294 2804 annis
323 2737 460 2802 molitus
492 2759 602 2818 eram,
641 2730 788 2824 ejusque'
808 2736 920 2825 operis
934 2733 1120 2824 ,specimen
1145 2730 1227 2800 anni

195 2841 264 2927 jam
277 2907 278 2912 ,
292 2840 451 2932 proxime
475 2841 584 2928 elapsi
606 2822 708 2905 ¹initio
738 2839 894 2904 Oxoniae
930 2837 1119 2934 edideram,
1148 2855 1228 2918 ,non

124 2997 127 3006 ι
175 2991 177 2995 -
198 2939 359 3028 mediocri
372 2943 487 3010 labore
501 2965 545 3008 ex
552 2941 738 3033 Collaticne
752 2941 849 3010 MSS.
856 2941 1096 3008 Parieiensium
1109 2952 1227 3004 emen·-

130 3035 132 3040 ⁵
174 3025 180 3048 ⁸
199 3050 335 3128 datum,
357 3047 447 3136 quod
468 3047 580 3113 nescio
602 3069 646 3114 an
666 3045 707 3112 ad
729 3047 781 3112 Te
801 3047 1011 3135 pervenerit,
1032 3045 1085 3110 sin
1104 3043 1242 3122 minua·

48 3188 52 3200 ·
161 3231 164 3250 ι
200 3175 304 3239 quam
331 3151 487 3242 primum
515 3143 592 3218 data
620 3152 683 3219 erit
711 3151 857 3232 occasio,
887 3150 1012 3216 curabo
1037 3142 1229 3212 transmitti.

157 3284 160 3294 ·
201 3257 302 3342 Quod
332 3269 451 3337 restat,
480 3254 627 3322 orandus
656 3254 818 3332 mihies,
845 3254 874 3321 si
901 3253 938 3320 id
959 3248 1133 3318 commode
1153 3243 1232 3311 fieri

202 3360 340 3464 poterit,
369 3371 402 3426 et
428 3359 500 3426 sine
521 3360 627 3426 nimia
646 3357 727 3424 Viri
747 3357 878 3423 Eruditi
900 3355 1152 3434 offensiones
1130 3363 1169 3416 t
1190 3347 1231 3414 de

112 3523 118 3532 .
204 3487 245 3530 ea
258 3463 414 3532 Editione
437 3487 597 3561 quaeras,
624 3471 766 3546 eantque
788 3461 893 3527 oculis
889 3479 1072 3567 usurpes3
1096 3461 1131 3526 ut
1153 3472 1233 3516 cum

205 3568 285 3634 Tua
298 3567 364 3634 fide
376 3579 502 3636 cenam
516 3591 591 3636 rem
605 3541 926 3684 comprobatumque
936 3565 1105 3641 habuero,
1127 3577 1232 3643 quae-

202 3690 284 3738 ‘ram
307 3695 382 3738 eam
401 3673 462 3738 dit·
456 3672 615 3772 rgentius3
625 3669 690 3732 sin
711 3667 876 3732 dilabatur
897 3651 985 3755 qnod
1009 3663 1133 3732 exinde
1153 3679 1231 3747 spe-

208 3799 248 3842 ro
266 3776 515 3864 adjumentum,
536 3777 662 3840 saltem
689 3795 733 3838 ne
760 3775 912 3838 enter-etur
938 3795 994 3838 me
1014 3767 1233 3836 inutili-aeus
1164 3760 1233 3854 eju!

148 3867 151 3871 ’
209 3882 402 3975 expectatio
441 3879 553 3962 Vale,
582 3876 731 3945 Londini
758 3873 1134 3966 Apettis15a1757·
