2764 4360
160 201 184 279 6
565 229 778 253 Omna-ru

161 387 238 434 ram
260 375 358 450 extra
377 358 519 425 dubium
540 355 649 455 ponit.
698 357 790 423 Nam
820 380 956 440 versus,
989 381 1071 447 quoe
1091 361 1197 428 morlo

162 469 316 552 laudavi,
337 465 494 532 videnlur
516 485 559 529 ex
580 462 693 550 prima
714 461 858 530 editione
878 463 1030 552 primum
1051 463 1200 552 margini

164 567 340 660 adscripti,
363 567 481 643 deinde
501 566 539 632 in
560 565 712 632 Textum
733 566 925 654 migrasse'
947 566 999 652 Sic
1022 565 1201 664 Apollonii
1236 654 1240 659 .

164 670 291 744 Rhodii
320 675 405 740 dnae
433 669 581 736 fuerunt*
599 665 761 751 ἐκδόσεις.
821 668 1070 756 Atqueidem,
1108 667 1201 756 quod
1248 687 1249 696 ¹

95 771 96 776 ¹
165 779 199 845 h.
218 779 262 844 l.'
253 802 287 844 m
305 773 552 851 Callimacho,
542 797 579 838 m
594 771 775 860 Apollonio
796 772 897 854 etiam
918 771 1084 854 accidisse,
1107 768 1202 836 tlooet

136 876 148 935 s
168 882 364 952 Scholiastes,
387 881 545 966 antiquus
566 877 611 984 ad
629 877 722 945 Libr
744 877 971 960 111.738.
1081 889 1083 894 '

47 987 50 994 ’
208 985 287 1054 H'
278 1009 312 1050 m
335 969 447 1050 Cerei.
470 1005 501 1046 v.
527 1002 579 1052 ιι.
629 994 634 1004 ’

254 1079 348 1184 Ka)
351 1111 422 1178 γαρ
445 1109 492 1173 τᾳ
477 1075 572 1155 Δ
559 1112 683 1179 nutet
704 1085 932 1194 σινωργίσθη
954 1068 1138 1167 Διόνυσος.

168 1181 322 1262 Facessat
343 1191 423 1256 hinc
451 1189 678 1285 putidissimus
700 1211 826 1257 versus.
869 1189 987 1274 Plures
1010 1193 1101 1268 alios
1124 1191 1204 1278 qui-

169 1299 232 1362 bus
261 1290 436 1382 magistelli
463 1291 586 1358 Graeci
613 1293 810 1360 Callimachi
839 1288 987 1386 hymnos
1015 1287 1242 1386 foedarunt„¹

170 1398 337 1479 nobis,
310 1399 476 1478 avellet,
498 1395 646 1462 indicare
666 1412 777 1486 posset
798 1399 1083 1470 Hemsterhusius.

253 1503 381 1583 Habes,
392 1501 460 1566 Vir
477 1497 612 1588 Magne,
630 1502 791 1588 quasdam
806 1494 1088 1594 Emendationum
1105 1527 1204 1574 mea·
1227 1515 1231 1525 ’
1255 1493 1257 1498 ’

158 1607 252 1674 *rum
273 1607 310 1674 in
332 1597 608 1683 Callimachum}
622 1623 703 1688 quas
722 1625 790 1693 ego„
810 1604 998 1694 diligentius
1020 1601 1207 1674 eonfir'ma'-

157 1713 225 1792 ιιι.
248 1713 420 1797 multoque
442 1707 596 1797 pluribus
611 1707 739 1794 augebo
762 1708 797 1774 in
812 1710 965 1802 Epistola
979 1713 1114 1792 Critiae,
1136 1713 1227 1802 pii-1
1325 1711 1327 1728 '
1366 1684 1367 1692 .

170 1817 255 1883 blice
277 1815 318 1882 ad
341 1811 393 1880 Te
415 1811 596 1886 scribenda.
627 1809 708 1875 ‚Tu
732 1835 813 1879 vero
835 1815 930 1908 hrevi
954 1837 1008 1880 me
1028 1815 1206 1884 certiorem

169 1921 288 1997 facies,
325 1941 392 2006 quo
413 1931 566 2006 tempore
594 1907 838 1990 Callimachum
860 1917 977 1985 Tuum
1000 1919 1111 2008 operis
1132 1933 1206 1986 tra.

16 2047 19 2054 *
78 2107 80 2112 Α
157 2023 309 2108 ι(Ῑὶιιιιιιι
334 2021 389 2087 sis.
442 2021 520 2107 Ipse
540 2018 642 2082 enim
654 2017 827 2109 intelligis,
848 2009 1033 2108 Epistolam
1055 2035 1206 2091 nostram

174 2128 288 2200 Tuam
311 2121 508 2192 Callimachi
526 2121 709 2187 editionem
733 2121 929 2210 praecedere
949 2123 1095 2202 debere
1121 2125 1207 2190 Illu-

172 2241 274 2298 suem
288 2215 532 2317 spanhemium
555 2223 615 2287 vix
637 2225 740 2289 verbo
762 2237 906 2314 tangam
920 2227 981 2312 (ita
1003 2227 1092 2296 enim
1113 2227 1208 2313 jubet

87 2387 89 2394 .
173 2363 192 2403 ο
186 2326 434 2419 ’θαυμάσιοςι
459 2329 613 2415 quemvis
637 2323 708 2394 'non
729 2329 853 2398 deesset
874 2331 1034 2422 carpendi
1056 2333 1208 2406 materia.

155 2439 267 2505 'Nam
296 2434 447 2524 prolecto
474 2431 537 2500 vix
563 2433 712 2520 vulgaris
742 2433 875 2523 linguae
896 2435 1046 2503 Graecae
1078 2435 1219 2523 peritusj

173 2541 251 2624 tute
273 2541 401 2627 nedum
416 2535 577 2626 poeticae.
622 2537 745 2624 Aequo
759 2539 839 2606 Iove
860 2563 971 2630 nuper
992 2541 1033 2608 de
1056 2563 1095 2606 eo
1117 2537 1210 2623 judi-

128 2646 265 2710 ·“ravit
295 2645 345 2710 Cl.
376 2638 603 2706 vallensi-ius
631 2639 668 2718 in
700 2641 885 2728 exquisitae
914 2642 1088 2710 doctrinae
1109 2643 1211 2732 plena

61 2755 64 2760 '
174 2750 337 2866 Epistola,
349 2741 473 2812 Fulvn
486 2741 601 2808 Ursini
610 2741 755 2832 Virgilio
774 2768 853 2812 cum
869 2745 912 2812 G.
926 2748 959 2814 S.
973 2737 1098 2814 collato
1111 2769 1211 2837 prae·

173 2853 285 2920 missa.
329 2847 477 2938 Quidv.
498 2869 526 2909 c
548 2845 654 2950 magis
677 2838 1004 2942 απροσδιόνυσονῗ
982 2875 1021 2916 ιιι
1044 2861 1101 2930 ιιι,
1125 2869 1211 2934 quae
1265 2881 1272 2894 =

173 2955 252 3033 HC
241 2980 277 3021 ιιι
301 2955 376 3022 Cer
397 2971 432 3016 ιι.
454 2947 506 3014 66.
536 2941 667 3016 notavit
697 2975 743 3018 ex
769 2951 849 3020 Iure
877 2952 992 3020 Attico
1021 2954 1063 3018 ad
1091 2974 1213 3018 vocem

62 3099 72 3126 ι
174 3051 402 3152 ἐγράψατο.
398 3057 490 3125 Vel
516 3053 613 3146 pueri
640 3065 789 3138 norunt,
823 3055 988 3124 Nemesin
1017 3057 1109 3122 mala
1125 3055 1212 3121 dicta

101 3229 103 3236 Α
149 3181 158 3198 ⁴*
173 3162 328 3248 factaque
353 3161 581 3228 hominum
566 3183 607 3230 ιιι
637 3157 818 3246 diphthera
847 3159 937 3226 Iovis
965 3173 1122 3239 notasse3
1149 3180 1213 3224 nec

175 3266 390 3354 cogitandum
411 3267 452 3331 de
458 3267 534 3338 asta
556 3263 651 3331 verbi
672 3261 810 3328 notione
832 3265 922 3352 apud
943 3270 1058 3382 poetas
1074 3261 1213 3338 inaudi-

46 3395 49 3407 “
174 3383 218 3438 ta.
268 3369 430 3438 Similiter
458 3393 494 3435 v.
523 3390 574 3458 29.
605 3367 708 3435 eiusd.
731 3365 777 3432 Η
799 3367 954 3457 primum
975 3368 1143 3460 ingressus
1165 3379 1216 3436 est

175 3447 353 3563 optimam.
362 3475 480 3555 viam,
508 3493 593 3539 mox
616 3457 869 3562 derelinquens,
896 3473 1067 3562 vulgatam
1089 3483 1213 3556 tuetur.

174 3574 254 3663 Quo
276 3577 395 3644 nihil
384 3579 544 3674 meptius
558 3573 639 3644 vidi
672 3565 767 3663 Ipse
794 3571 983 3641 Vossianus
1006 3575 1121 3670 Codex
1149 3578 1213 3642 ha·

129 3685 131 3691 “
174 3681 452 3775 hereresiarchae,
482 3701 544 3748 nec
575 3679 753 3768 qnisquam
776 3676 915 3766 obloqui
944 3679 1049 3746 debet
1101 3679 1215 3766 A-pol

175 3763 281 3853 lotlor.
311 3785 353 3852 L.
375 3787 402 3852 l.
429 3809 462 3874 p.
496 3767 546 3874 i4.
580 3781 629 3847 ed.
669 3781 774 3846 Galei
801 3781 842 3848 de
873 3780 1012 3852 Cerere.
1053 3779 1218 3879 thofi·

178 3916 233 3960 σα
255 3883 515 3987 (Φερσεφόνην)
537 3905 725 4049 arpenas.
733 3887 797 3953 Sed
818 3909 872 3954 res
894 3890 985 4024 clara
1007 3901 1064 3956 est.

1161 3995 1205 4052 N.
