2764 4360
572 241 787 292 κνήκῳ
905 165 964 226 t·
1144 201 1285 276 ht„¹

167 329 347 460 ⁴consilium
368 371 410 438 de
429 350 579 438 addendo
601 331 715 436 Indice
733 369 923 436 Seberiano
966 345 1027 440 Est
1040 371 1096 438 ille
1108 369 1197 436 liber

63 479 66 482 ’
141 478 249 558 ,satis
271 475 409 556 obvius,
440 489 473 540 et
500 484 610 562 nuper
631 465 820 540 Florentiae
841 485 988 540 recusus.
1033 475 1104 542 Cur
1124 497 1196 540 ιιοιι

170 582 291 672 potius
314 579 481 644 adduntur
501 577 637 666 Scholia
665 579 800 646 minora
838 576 881 641 ad
910 575 1015 642 fidem
1043 577 1195 644 editionis
1267 589 1269 594 '

170 683 326 751 nasum
347 695 381 750 et
401 681 544 746 aliarum
565 665 743 770 castigata?
765 681 864 770 Quod
883 702 939 746 me
955 680 995 744 ad
1005 681 1198 747 Homerum
1217 673 1219 678 ’

172 784 389 865 ornandum
385 807 505 865 vocas,
522 783 560 852 in
582 809 621 878 ep
642 807 784 875 agnosco
807 783 1052 852 humanitatem
1073 761 1198 850 Tuam.

125 925 129 930 ·
170 891 362 978 Equidem
370 902 500 955 certum
529 901 562 954 et
576 851 805 992 perpetuum,
837 901 877 954 ut
898 885 1015 976 spera,
1048 890 1199 958 nominis

170 996 240 1064 mei
260 992 497 1062 domicilium
486 1015 528 1070 ιιι
545 993 683 1058 Platone
705 989 882 1059 habebot'
872 1015 906 1056 ιιι
908 985 1036 1080 quern
1042 1005 1074 1058 et
1089 981 1199 1060 Scho-

136 1085 139 1090 ¹
171 1081 303 1166 liasten
319 1087 517 1172 ανέκδοτον
546 1107 583 1160 et
606 1108 785 1184 perpetuas
816 1079 1122 1164 animadversiones
1143 1121 1198 1163 ae·
1293 1127 1296 1140 ·

0 1243 1 1290 t
101 1240 106 1246 -
166 1202 317 1290 paratim
331 1193 437 1266 edam.
482 1197 681 1267 Scholiastes
699 1199 766 1280 ille,
787 1195 1022 1289 Aristophanis
1038 1211 1070 1272 et
1085 1201 1202 1290 Apol-

173 1305 258 1370 lonii
292 1303 534 1394 Interpretibus
568 1301 737 1377 similis,
755 1305 903 1378 multum
941 1327 1044 1393 supra
1079 1307 1201 1392 vulgus

134 1444 139 1451 ·
176 1408 486 1475 Grammaticorum
507 1407 608 1496 sapit,
637 1419 670 1472 et
699 1418 770 1486 tam
797 1407 985 1474 reconditae
1007 1407 1203 1474 eruditionis

172 1513 372 1579 thesaurum
394 1493 508 1591 affert,
529 1521 568 1575 ιιι
587 1511 659 1598 ipse
680 1509 956 1578 Hemsterhusius
977 1510 1139 1586 fateatur,
1169 1535 1204 1576 se

165 1615 238 1682 'ab
247 1617 317 1699 ejus
349 1614 492 1680 lectione
526 1627 703 1701 nunquam
731 1615 796 1680 nisi
826 1614 1007 1685 doctiorem
1041 1615 1204 1682 recedere

177 1717 242 1784 Sed
268 1716 376 1782 habeo
405 1719 514 1816 multo
548 1719 646 1804 plura
684 1719 852 1811 quantivis
881 1720 983 1808 pretii
1017 1713 1205 1802 α’νέκδοτα,

111 1820 115 1832 ’
177 1821 300 1908 quibus
322 1820 417 1886 editis
437 1819 569 1886 no'vum
590 1821 728 1886 Graecis
748 1821 852 1886 literis
879 1823 996 1887 lumen
1024 1822 1205 1913 oboriatur.
1283 1831 1286 1850 ²

177 1926 343 1992 Homero
353 1923 524 2010 absoluto,
547 1923 600 1992 Te
621 1921 665 1986 ad
689 1922 873 2011 Iosephum
893 1923 1081 2006 rediturum
1099 1904 1206 1991 velie-
1264 1905 1266 1920 Ι

178 2027 310 2097 menter
331 2024 469 2116 gaudeo
511 2028 602 2116 Ipse
610 2026 767 2093 codicem
783 2027 1000 2100 Albertinum
1018 2051 1098 2096 curn
1119 2020 1207 2110 edito
1291 2035 1305 2045 ”

169 2112 432 2219 ‘diligentissime
460 2131 684 2200 committam.
715 2131 775 2218 qu'i
801 2132 897 2200 labor
924 2132 1011 2198 mihi
1039 2133 1208 2219 jucundus
1297 2219 1298 2224 ἵ

37 2267 43 2294 ι
143 2239 145 2244 ’
179 2236 314 2304 futurus
343 2249 392 2317 est
421 2237 617 2325 cogitatione
646 2235 727 2304 Tui.
778 2236 894 2303 Velim
923 2239 1037 2302 tamen
1064 2237 1231 2324 Iosephos
1265 2243 1268 2256 “

181 2343 227 2408 ita
255 2349 407 2428 op‘eramx
422 2363 561 2420 naves,
577 2353 616 2405 ut
643 2361 818 2425 nunquam
849 2363 893 2403 ex
923 2340 1026 2405 oculis
1062 2341 1209 2406 dimittas

98 2445 467 2546 Jlenophontem
498 2435 611 2510 Nemo
631 2443 741 2509 hodie
754 2456 820 2522 est,
843 2443 903 2530 qui
924 2443 1045 2520 melius
1059 2441 1111 2510 Te
1124 2445 1209 2510 Mu
1208 2445 1212 2464 ¹

181 2571 255 2616 eam
281 2548 435 2614 Atticam
456 2569 578 2612 ornare
600 2551 718 2632 posset.
746 2533 1036 2614 Vallenarius
1009 2569 1121 2634 nuper
1136 2571 1210 2652 pu·

181 2654 264 2721 hlice
282 2648 441 2739 scripsit,
468 2647 615 2736 Agesilai
643 2647 780 2723 Vitam,
813 2669 900 2732 quae
928 2648 1025 2714 nobis
1054 2627 1210 2718 omnibus

182 2755 329 2826 adhuc'
318 2779 357 2822 ιιι
387 2753 510 2819 deliciis
540 2749 621 2832 fuit,
651 2773 723 2816 non
752 2751 990 2840 Xenophontis
1018 2775 1087 2816 esse
1116 2776 1211 2841 opus,

183 2862 242 2928 sed
256 2860 429 2927 insulsum
451 2841 664 2944 nugacissima
655 2855 881 2950 Sophiam,
912 2856 972 2952 qui
998 2855 1215 2946 Xenophon«
1240 2914 1243 2922 ,

183 2967 227 3036 tis
249 2987 376 3032 nomen
397 2960 589 3038 mentiatur,
612 2971 851 3046 commentum.
865 2968 871 2984 ²
895 2961 1054 3057 Spuriam
1077 2984 1215 3049 quoque
1319 3039 1320 3046 ἵ

184 3067 310 3158 judicat
330 3065 537 3156 Apologiam
556 3066 716 3147 Socratis,
746 3077 779 3132 et
802 3087 1021 3152 quaecunque
1041 3063 1079 3130 in
1100 3067 1212 3158 Cyro·-

184 3172 304 3263 paedia
332 3172 490 3260 leguntur
519 3171 561 3236 ad
591 3169 696 3236 finem
717 3191 825 3256 usque
845 3161 923 3257 post
942 3168 1046 3236 verba
1066 3173 1127 3247 καὶ
1149 3161 1212 3240 oii-

185 3301 254 3354 τως
276 3266 502 3368 ἐτελεύτησεν
523 3295 557 3362 Ρ.
575 3272 648 3375 asili.
669 3275 720 3342 ed.
741 3273 925 3343 Leunclav.
947 3295 1146 3362 ⁴quanquam
1170 3276 1227 3342 de·

183 3381 239 3448 his
262 3381 415 3464 nondum
436 3379 609 3446 ausdsest
630 3377 762 3465 publice
786 3378 984 3467 sententiam
1006 3379 1132 3452 (lictae.¹
1217 3413 1218 3422 ι
1246 3451 1247 3461 ¹

191 3535 200 3556 .
272 3485 326 3556 De
341 3483 480 3564 Heinio
507 3478 556 3548 bis
584 3493 676 3550 terve
704 3483 747 3549 ad
775 3481 828 3572 Te
854 3484 979 3572 scripsi.
1033 3481 1098 3551 Sed
1124 3483 1212 3550 nihil

91 3663 92 3668 χ
184 3589 338 3678 responsi
355 3587 448 3668 tuli.-
480 3565 786 3680 liotorodamenaea
807 3581 904 3652 avide
935 3599 1130 3676 exspectant
1157 3611 1214 3653 se-

161 3695 311 3770 xcondas
336 3693 406 3779 ejus
427 3713 524 3761 curas
546 3691 583 3756 in
604 3691 807 3782 Epictetum.
849 3685 1082 3756 Luchtmanni
1103 3713 1215 3760 novae

188 3785 343 3864 editionis
364 3795 501 3877 Camlli,
522 3785 665 3876 Tibulli,
686 3795 863 3884 Propertii
875 3789 992 3862 curam
1012 3793 1063 3859 illi
1084 3794 1217 3866 deferre
1266 3852 1268 3858 ,

185 3899 337 3994 cupiunt.
